<?xml version="1.0" encoding="utf-8"?>
<record xmlns="http://www.loc.gov/MARC21/slim" xmlns:xsi="http://www.w3.org/2001/XMLSchema-instance" xsi:schemaLocation="http://www.loc.gov/MARC21/slim http://www.loc.gov/standards/marcxml/schema/MARC21slim.xsd">
	<leader>     nam a22        4500</leader>
	<controlfield tag="001">3080533</controlfield>
	<controlfield tag="003">NNC</controlfield>
	<controlfield tag="006">m        d        </controlfield>
	<controlfield tag="007">cr cn |||m|||a</controlfield>
	<controlfield tag="008">150603q18871888tu      o     000 0 ara d</controlfield>
	<datafield ind1=" " ind2=" " tag="040">
		<subfield code="a">NNU</subfield>
		<subfield code="b">eng</subfield>
		<subfield code="e">rda</subfield>
		<subfield code="c">NNU</subfield>
	</datafield>
	<datafield ind1="1" ind2=" " tag="100">
		<subfield code="6">880-01</subfield>
		<subfield code="a">Taftāzānī, Masʻūd ibn ʻUmar,</subfield>
		<subfield code="d">1322-1389?</subfield>
	</datafield>
	<datafield ind1="1" ind2="0" tag="245">
		<subfield code="6">880-02</subfield>
		<subfield code="a">Sharḥ al-Maqāṣid :</subfield>
		<subfield code="b">Maqāṣid fī ʻilm al-kalām ... /</subfield>
		<subfield code="c">[li Saʻd-al-Dīn ʻUmar al-Taftāzānī]. Wa-ʻalayhi ḥāshiyah ... [li-] ʻAlī al-Qārī ; wa-ʻalayhi ḥāshiyah ... [li-] Ilyās ibn Ibrāhīm al-Sīnābī ; wa-ʻalayhi taʻlīquhu li- ... Aḥmad ibn Mūsá al-Khayyāl ; wa-Ḥusām zādah kataba ḥāshiyah ʻalayhi ... wa-ikhtaṣarahu ... Muḥammad ibn Muḥammad al-Ījī samāhu Maqaṣid al-Maqaṣid.</subfield>
	</datafield>
	<datafield ind1=" " ind2=" " tag="260">
		<subfield code="6">880-03</subfield>
		<subfield code="a">[Istānbūl] :</subfield>
		<subfield code="b">al-Ḥājj Muḥarram Efendi al-Būsnawī,</subfield>
		<subfield code="c">[1305, i.e., 1887 or 1888]</subfield>
	</datafield>
	<datafield ind1=" " ind2=" " tag="300">
		<subfield code="a">online resource (2 volumes in 1.)</subfield>
	</datafield>
	<datafield ind1=" " ind2=" " tag="336">
		<subfield code="a">text</subfield>
		<subfield code="2">rdacontent</subfield>
	</datafield>
	<datafield ind1=" " ind2=" " tag="337">
		<subfield code="a">computer</subfield>
		<subfield code="2">rdamedia</subfield>
	</datafield>
	<datafield ind1=" " ind2=" " tag="338">
		<subfield code="a">online resource</subfield>
		<subfield code="2">rdacarrier</subfield>
	</datafield>
	<datafield ind1=" " ind2=" " tag="500">
		<subfield code="a">In colophon (v. 2, p. 311) title is given as: Sharḥ Maqāṣid al-ṭālibīn fī ʻilm uṣūl ʻaqāʼid al-dīn.</subfield>
	</datafield>
	<datafield ind1=" " ind2=" " tag="500">
		<subfield code="a">Part of the Arabic Collections Online (ACO) project, contributed by Columbia University Libraries.</subfield>
	</datafield>
	<datafield ind1=" " ind2=" " tag="533">
		<subfield code="a">Electronic reproduction.</subfield>
		<subfield code="b">New York, N.Y. :</subfield>
		<subfield code="c">New York University,</subfield>
		<subfield code="d">2015.</subfield>
		<subfield code="5">NNU</subfield>
	</datafield>
	<datafield ind1="1" ind2="0" tag="600">
		<subfield code="6">880-04</subfield>
		<subfield code="a">Taftāzānī, Masʻūd ibn ʻUmar,</subfield>
		<subfield code="d">1322-1389?</subfield>
		<subfield code="t">Maqāṣid al-ṭālibīn fī uṣūl al-dīn.</subfield>
	</datafield>
	<datafield ind1=" " ind2="0" tag="650">
		<subfield code="a">Islam</subfield>
		<subfield code="x">Doctrines</subfield>
		<subfield code="v">Early works to 1800.</subfield>
	</datafield>
	<datafield ind1="0" ind2="7" tag="630">
		<subfield code="a">Maqāṣid al-ṭālibīn fī uṣūl al-dīn (Taftāzānī, Masʻūd ibn ʻUmar)</subfield>
		<subfield code="2">fast</subfield>
		<subfield code="0">(OCoLC)fst01374685</subfield>
	</datafield>
	<datafield ind1=" " ind2="7" tag="650">
		<subfield code="a">Islam</subfield>
		<subfield code="x">Doctrines.</subfield>
		<subfield code="2">fast</subfield>
		<subfield code="0">(OCoLC)fst00979787</subfield>
	</datafield>
	<datafield ind1=" " ind2="7" tag="655">
		<subfield code="a">Early works.</subfield>
		<subfield code="2">fast</subfield>
		<subfield code="0">(OCoLC)fst01411636</subfield>
	</datafield>
	<datafield ind1="1" ind2=" " tag="700">
		<subfield code="6">880-05</subfield>
		<subfield code="a">Qārī al-Harawī, ʻAlī ibn Sulṭān Muḥammad,</subfield>
		<subfield code="d">-1605 or 1606.</subfield>
	</datafield>
	<datafield ind1="1" ind2=" " tag="700">
		<subfield code="6">880-06</subfield>
		<subfield code="a">Sīnābī, Ilyās ibn Ibrāhīm.</subfield>
	</datafield>
	<datafield ind1="1" ind2=" " tag="700">
		<subfield code="6">880-07</subfield>
		<subfield code="a">Khayyāl, Muḥammad ibn Mūsá</subfield>
	</datafield>
	<datafield ind1="1" ind2=" " tag="700">
		<subfield code="6">880-08</subfield>
		<subfield code="a">Ījī, Muḥammad ibn Muḥammad.</subfield>
		<subfield code="t">Maqaṣid al-Maqaṣid.</subfield>
	</datafield>
	<datafield ind1="2" ind2=" " tag="710">
		<subfield code="a">Columbia University.</subfield>
		<subfield code="b">Libraries.</subfield>
	</datafield>
	<datafield ind1="0" ind2=" " tag="730">
		<subfield code="a">Arabic Collections Online.</subfield>
	</datafield>
	<datafield ind1="0" ind2=" " tag="740">
		<subfield code="6">880-09</subfield>
		<subfield code="a">Sharḥ Maqāṣid al-ṭālibīn fī ʻilm uṣūl ʻaqāʼid al-dīn.</subfield>
	</datafield>
	<datafield ind1="0" ind2="8" tag="776">
		<subfield code="i">Print version:</subfield>
		<subfield code="a">Taftāzānī, Masʻūd ibn ʻUmar, 1322-1389?</subfield>
		<subfield code="t">Sharḥ al-Maqāṣid</subfield>
		<subfield code="w">(NNC)3080533</subfield>
		<subfield code="w">(OCoLC)47924196</subfield>
	</datafield>
	<datafield ind1="4" ind2="0" tag="856">
		<subfield code="u">http://hdl.handle.net/2333.1/2jm6414q</subfield>
	</datafield>
	<datafield ind1="1" ind2=" " tag="880">
		<subfield code="6">100-01/r</subfield>
		<subfield code="a">تفتازاني، مسعود بن عمر، </subfield>
		<subfield code="d">1322-1389?</subfield>
	</datafield>
	<datafield ind1="1" ind2="0" tag="880">
		<subfield code="6">245-02/r</subfield>
		<subfield code="a">شرح المقاصد :</subfield>
		<subfield code="b">مقاصد في علم الكلام ... /</subfield>
		<subfield code="c">[ل سعدالدين عمر التفتازاني]. وعليه حاشية ... [ل] علي القاري ؛ وعليه حاشية ... [ل] الياس بن ابراهيم السينابي ؛ وعليه تعليقه ل ... احمد بن موسى الخيال ؛ وحسام زادة كتب حاشية عليه ... واختصره ... محمد بن محمد الاجي سماه مقصد المقصد.</subfield>
	</datafield>
	<datafield ind1=" " ind2=" " tag="880">
		<subfield code="6">260-03/r</subfield>
		<subfield code="a">[استانبول] :</subfield>
		<subfield code="b">الحاج محرم صفند البوسنوي، [1305, i.e., 1887 or 1888]</subfield>
	</datafield>
	<datafield ind1="1" ind2="4" tag="880">
		<subfield code="6">600-04/r</subfield>
		<subfield code="a">تفتازاني، مسعود بن عمر،,</subfield>
		<subfield code="d">13221389؟.</subfield>
		<subfield code="t">مقصد الطالين في اصول الدين.</subfield>
	</datafield>
	<datafield ind1="1" ind2=" " tag="880">
		<subfield code="6">700-05/r</subfield>
		<subfield code="a">قاري الهروي، علي بن سلطان محمد,</subfield>
		<subfield code="d">-1605 or 1606.</subfield>
	</datafield>
	<datafield ind1="1" ind2=" " tag="880">
		<subfield code="6">700-06/r</subfield>
		<subfield code="a">سينابي، الياس بن ابراهيم.</subfield>
	</datafield>
	<datafield ind1="1" ind2=" " tag="880">
		<subfield code="6">700-07/r</subfield>
		<subfield code="a">خيال، محمد بن موسى.</subfield>
	</datafield>
	<datafield ind1="1" ind2=" " tag="880">
		<subfield code="6">700-08/r</subfield>
		<subfield code="a">ايجي، محمد بن محمد.</subfield>
		<subfield code="t">مقصد المقصد.</subfield>
	</datafield>
	<datafield ind1="0" ind2=" " tag="880">
		<subfield code="6">740-09/r</subfield>
		<subfield code="a">شرح مقاصد الطالبين في علم اصول عقائد الدين.</subfield>
	</datafield>
	<datafield ind1=" " ind2=" " tag="959">
		<subfield code="a">NNU</subfield>
		<subfield code="b">WEB</subfield>
		<subfield code="c">GENI</subfield>
		<subfield code="t">0</subfield>
		<subfield code="m">Electronic access</subfield>
		<subfield code="s">01</subfield>
	</datafield>
	<datafield ind1=" " ind2=" " tag="999">
		<subfield code="i">NNC_3080533</subfield>
		<subfield code="o">(OCoLC)ocm47924196</subfield>
		<subfield code="s">columbia_aco000419</subfield>
		<subfield code="e">(ERROR-880)</subfield>
		<subfield code="s">columbia_aco000419</subfield>
	</datafield>
</record>
